<?xml version="1.0" encoding="UTF-8"?><collection xmlns="http://www.loc.gov/MARC21/slim"><record><leader>00522nam--2200181-i-4500</leader><controlfield tag="001">000025987</controlfield><controlfield tag="002">20161230</controlfield><controlfield tag="005">20161230201036</controlfield><controlfield tag="008">060222s1000------------r-----000-0-eng-d</controlfield><datafield ind1=" " ind2=" " tag="040"><subfield code="a">IFIN-HH</subfield></datafield><datafield ind1=" " ind2=" " tag="080"><subfield code="a">621.3.066.6</subfield></datafield><datafield ind1="1" ind2=" " tag="100"><subfield code="a">Jones, Llewellyn F</subfield></datafield><datafield ind1="1" ind2="0" tag="245"><subfield code="a">The physics of electrical contacts</subfield><subfield code="c">Llewellyn f. jones</subfield></datafield><datafield ind1=" " ind2=" " tag="260"><subfield code="a">Oxford</subfield><subfield code="b">Clarendon Press</subfield><subfield code="c">1957</subfield></datafield><datafield ind1=" " ind2=" " tag="300"><subfield code="a">XI+219P.+VI PL</subfield></datafield><datafield ind1=" " ind2=" " tag="490"><subfield code="a">Monographs On The Physics And Chemistry Of Materials</subfield></datafield><datafield ind1=" " ind2=" " tag="852"><subfield code="a">12323</subfield><subfield code="c">537:538</subfield></datafield><datafield ind1=" " ind2=" " tag="CAT"><subfield code="a">Sys</subfield><subfield code="c">20110608</subfield><subfield code="h">154839</subfield></datafield></record></collection>